<record><leader>00000cas a22000007a 4500</leader><controlfield tag="001">14699448</controlfield><controlfield tag="008">861111d1889189utxuwr ne      0    0eng d</controlfield><datafield ind1=" " ind2=" " tag="010"><subfield code="a">sn 86090078 </subfield></datafield><datafield ind1=" " ind2=" " tag="040"><subfield code="a">PPM</subfield><subfield code="b">eng</subfield><subfield code="c">PPM</subfield><subfield code="d">CNK</subfield><subfield code="d">OCLCQ</subfield></datafield><datafield ind1=" " ind2=" " tag="042"><subfield code="a">msc</subfield></datafield><datafield ind1="0" ind2=" " tag="130"><subfield code="a">Cherokee herald (Rusk, Tex. : 1889)</subfield></datafield><datafield ind1="1" ind2="4" tag="245"><subfield code="a">The Cherokee herald.</subfield></datafield><datafield ind1=" " ind2=" " tag="260"><subfield code="a">Rusk, Tex. :</subfield><subfield code="b">J.A. Padon</subfield></datafield><datafield ind1=" " ind2=" " tag="300"><subfield code="a">v. :</subfield><subfield code="b">ill. (chiefly advertisements)</subfield></datafield><datafield ind1=" " ind2=" " tag="310"><subfield code="a">Weekly</subfield></datafield><datafield ind1="1" ind2=" " tag="362"><subfield code="a">Began in 1889.</subfield></datafield><datafield ind1=" " ind2=" " tag="588"><subfield code="a">Description based on: Vol. 1, no. 4 (July 31, 1889).</subfield></datafield><datafield ind1=" " ind2=" " tag="752"><subfield code="a">United States</subfield><subfield code="b">Texas</subfield><subfield code="c">Cherokee</subfield><subfield code="d">Rusk.</subfield></datafield><datafield ind1="0" ind2="7" tag="785"><subfield code="t">Standard enterprise (Rusk, Tex. 1888)</subfield><subfield code="w">(DLC)sn 86090040</subfield></datafield><datafield ind1="0" ind2="7" tag="785"><subfield code="t">Standard herald</subfield><subfield code="w">(DLC)sn 86090079</subfield></datafield></record>